<record><leader>00000cas a22000007a 4500</leader><controlfield tag="001">34990892</controlfield><controlfield tag="008">960626d18791880tnuwr ne      0    0eng d</controlfield><datafield ind1=" " ind2=" " tag="010"><subfield code="a">sn 96091615 </subfield></datafield><datafield ind1=" " ind2=" " tag="040"><subfield code="a">TGN</subfield><subfield code="b">eng</subfield><subfield code="c">TGN</subfield><subfield code="d">OCLCQ</subfield><subfield code="d">OCLCF</subfield><subfield code="d">OCLCO</subfield></datafield><datafield ind1="1" ind2=" " tag="029"><subfield code="a">AU@</subfield><subfield code="b">000012570672</subfield></datafield><datafield ind1=" " ind2=" " tag="042"><subfield code="a">msc</subfield></datafield><datafield ind1=" " ind2=" " tag="043"><subfield code="a">n-us-tn</subfield></datafield><datafield ind1="0" ind2="4" tag="245"><subfield code="a">The Maryville weekly index.</subfield></datafield><datafield ind1="1" ind2=" " tag="246"><subfield code="i">Colophon title:</subfield><subfield code="a">Maryville index</subfield></datafield><datafield ind1="3" ind2="0" tag="246"><subfield code="a">Weekly index</subfield></datafield><datafield ind1=" " ind2=" " tag="260"><subfield code="a">Maryville, Tenn. :</subfield><subfield code="b">J.A. Silsby Jr.</subfield></datafield><datafield ind1=" " ind2=" " tag="300"><subfield code="a">v.</subfield></datafield><datafield ind1="1" ind2=" " tag="362"><subfield code="a">Began in 1879 ; ceased in 1880.</subfield></datafield><datafield ind1=" " ind2=" " tag="588"><subfield code="a">Description based on: Vol. 2, no. 35 (Nov. 5, 1879) = whole no. 87.</subfield></datafield><datafield ind1=" " ind2="0" tag="651"><subfield code="a">Maryville (Tenn.)</subfield><subfield code="v">Newspapers.</subfield></datafield><datafield ind1=" " ind2="0" tag="651"><subfield code="a">Blount County (Tenn.)</subfield><subfield code="v">Newspapers.</subfield></datafield><datafield ind1=" " ind2="7" tag="655"><subfield code="a">Newspapers.</subfield><subfield code="2">fast</subfield><subfield code="0">(OCoLC)fst01423814</subfield></datafield><datafield ind1=" " ind2="7" tag="651"><subfield code="a">Tennessee</subfield><subfield code="z">Blount County.</subfield><subfield code="2">fast</subfield><subfield code="0">(OCoLC)fst01212352</subfield></datafield><datafield ind1=" " ind2="7" tag="651"><subfield code="a">Tennessee</subfield><subfield code="z">Maryville.</subfield><subfield code="2">fast</subfield><subfield code="0">(OCoLC)fst01204582</subfield></datafield><datafield ind1=" " ind2=" " tag="752"><subfield code="a">United States</subfield><subfield code="b">Tennessee</subfield><subfield code="c">Blount</subfield><subfield code="d">Maryville.</subfield></datafield><datafield ind1="0" ind2="0" tag="780"><subfield code="t">Maryville index</subfield><subfield code="w">(DLC)sn 96091614</subfield></datafield><datafield ind1="0" ind2="0" tag="785"><subfield code="t">Weekly index (Maryville, Tenn.)</subfield><subfield code="w">(DLC)sn 96091616</subfield></datafield></record>